@article{Reynolds:1987,
    author = {Reynolds, Craig W.},
    title = {Flocks, Herds and Schools: A Distributed Behavioral Model},
    year = {1987},
    issue_date = {August 1987},
    publisher = {Association for Computing Machinery},
    address = {New York, NY, USA},
    volume = {21},
    number = {4},
    issn = {0097-8930},
    url = {https://doi.org/10.1145/37402.37406},
    doi = {10.1145/37402.37406},
    journal = {SIGGRAPH Comput. Graph.},
    month = aug,
    pages = {25–34},
    numpages = {10}
}

@article{Delgado:2007,
    author = {Delgado-Mata, Carlos and Ibáñez-Martínez, Jesús and Bee, Simon and Ruiz-Rodarte, Rocio and Aylett, Ruth},
    year = {2007},
    month = {02},
    pages = {145-169},
    title = {On the Use of Virtual Animals with Artificial Fear in Virtual Environments},
    volume = {25},
    journal = {New Generation Comput.},
    doi = {10.1007/s00354-007-0009-5}
}

@article{Hartman:2006,
    author = {Hartman, Christopher and Benes, Bedrich},
    year = {2006},
    month = {07},
    pages = {199-206},
    title = {Autonomous boids: Research Articles},
    volume = {17},
    journal = {Computer Animation and Virtual Worlds},
    doi = {10.1002/cav.123}
}

@online{FirstFollower,
    title = {First Follower: Leadership Lessons from Dancing Guy},
    date = {2010},
    organization = {Youtube},
    author = {Derek Sivers},
    url = {https://www.youtube.com/watch?v=fW8amMCVAJQ},
}